@inproceedings{msr18challenge,
      title={Enriched Event Streams: A General Dataset for Empirical Studies on In-IDE Activities of Software Developers},
      author={Proksch, Sebastian and Amann, Sven and Nadi, Sarah},
      year={2018},
      booktitle={Proceedings of the 15th Working Conference on Mining Software Repositories},
      preprint={http://www.st.informatik.tu-darmstadt.de/artifacts/msr18-challenge/MSR-Challenge-Proposal.pdf}
}

@inproceedings{Pawlik16Apted,
      title={Efficient Computation of the Tree Edit Distance},
      author={Mateusz Pawlik and Nikolaus Augsten},
      year={2015},
      volume={40},
      issue={1},
      article={3},
      journal={ACM Transactions on Database Systems (TODS)}
}
